%% do not edit this file, edit in the deal.II main repository, copy here, but
%% keep this note in here for the next one.

%% The deal.II paper

@Article{BangerthHartmannKanschat2007,
  title = {deal.{II} --- a General Purpose Object Oriented Finite Element Library},
  author = {Bangerth, W. and Hartmann, R. and Kanschat, G.},
  journal = {{ACM} Trans. Math. Softw.},
  volume = {33},
  number = {4},
  year = {2007},
  doi = {10.1145/1268776.1268779}
}


@article{dealII81,
  title = {The {\tt deal.{I}{I}} Library, Version 8.1},
  author = {W. Bangerth and T. Heister and L. Heltai and G. Kanschat
   and M. Kronbichler and M. Maier and B. Turcksin and T. D. Young},
  journal = {arXiv preprint \url{http://arxiv.org/abs/1312.2266v4}},
  year = {2013},
}

@article{dealII80,
  title = {The {\tt deal.{I}{I}} Library, Version 8.0},
  author = {W. Bangerth and T. Heister and L. Heltai and G. Kanschat
   and M. Kronbichler and M. Maier and B. Turcksin and T. D. Young},
  journal = {arXiv preprint \url{http://arxiv.org/abs/1312.2266v3}},
  year = {2013},
}

 

%% The deal.II web page and online reference.
%% Please cite specific versions only if you really need to

@Manual{DealIIReference,
  title = 	 {{\tt deal.{I}{I}} Differential Equations Analysis Library,
                  Technical Reference},
  author = 	 {W. Bangerth and T. Heister and G. Kanschat},
  note =         {\texttt{http://www.dealii.org}},
  url =          {http://www.dealii.org}
}

@Manual{DealIIReference600,
  title = 	 {{\tt deal.{I}{I}} Differential Equations Analysis Library,
                  Technical Reference},
  author = 	 {W. Bangerth and G. Kanschat},
  note =         {\texttt{http://www.dealii.org}},
  url =          {http://www.dealii.org/6.0.0},
  year = 2007
}

@Manual{DealIIReference610,
  title = 	 {{\tt deal.{I}{I}} Differential Equations Analysis Library,
                  Technical Reference},
  author = 	 {W. Bangerth and G. Kanschat},
  note =         {\texttt{http://www.dealii.org}},
  url =          {http://www.dealii.org/6.1.0},
  year = 2008
}

@Manual{DealIIReference621,
  title = 	 {{\tt deal.{I}{I}} Differential Equations Analysis Library,
                  Technical Reference},
  author = 	 {W. Bangerth and G. Kanschat},
  note =         {\texttt{http://www.dealii.org}},
  url =          {http://www.dealii.org/6.2.1},
  year = 2009
}

@Manual{DealIIReference631,
  title = 	 {{\tt deal.{I}{I}} Differential Equations Analysis Library,
                  Technical Reference},
  author = 	 {W. Bangerth and G. Kanschat},
  note =         {\texttt{http://www.dealii.org}},
  url =          {http://www.dealii.org/6.3.1},
  year = 2010
}

@Manual{DealIIReference700,
  title = 	 {{\tt deal.{I}{I}} Differential Equations Analysis Library,
                  Technical Reference},
  author = 	 {W. Bangerth and G. Kanschat},
  note =         {\texttt{http://www.dealii.org}},
  url =          {http://www.dealii.org/7.0.0},
  year = 2011
}

@Manual{DealIIReference710,
  title = 	 {{\tt deal.{I}{I}} Differential Equations Analysis Library,
                  Technical Reference},
  author = 	 {W. Bangerth and G. Kanschat},
  note =         {\texttt{http://www.dealii.org}},
  url =          {http://www.dealii.org/7.1.0},
  year = 2011
}

%% Additional papers on deal.II and special aspects

@TechReport{BangerthKanschat1999,
  title = {Concepts for Object-Oriented Finite Element Software -- the \texttt{deal.II} library},
  address = {Heidelberg},
  author = {Bangerth, W. and Kanschat, G.},
  institution = {SFB~359},
  number = {1999-43},
  type = {Preprint},
  year = {1999},
  url = {http://www.dealii.org/developer/reports/deal-paper.pdf}
}

@Article{BangerthKayserHerold2007,
  author = 	 {W. Bangerth and O. Kayser-Herold},
  title = 	 {Data Structures and Requirements for $hp$ Finite Element
                  Software},
  journal = 	 {ACM Trans. Math. Softw.},
  year = 	 2009,
  volume = 	 36,
  number = 	 1,
  pages = 	 {4/1--4/31}
}

@Article{JanssenKanschat2011,
  author = 	 {Janssen, B. and Kanschat, G.},
  title = 	 {Adaptive multilevel methods with local smoothing for
                  {${H}^1$}- and {$H^{\text{curl}}$}-conforming high order
                  finite element methods},
  journal = 	 {SIAM J. Sci. Comput.},
  year = 	 2011,
  volume =	 33,
  number =	 4,
  pages =	 {2095--2114},
  doi = {10.1137/090778523}
}

@Article{Kanschat2004,
  title = {Multi-level methods for discontinuous {G}alerkin {FEM} on locally refined meshes},
  author = {Kanschat, G.},
  journal = {Comput. \& Struct.},
  number = {28},
  pages = {2437--2445},
  volume = {82},
  year = {2004},
  doi = {10.1016/j.compstruc.2004.04.015}
}

@Article{BangerthBursteddeHeisterKronbichler11,
  author = 	 {W. Bangerth and C. Burstedde and T. Heister
                  and M. Kronbichler},
  title = 	 {Algorithms and data structures for massively parallel generic
  adaptive finite element codes},
  journal = 	 {ACM Trans. Math. Softw.},
  year = 	 2011,
  volume = 	 38,
  pages = 	 {14/1--28}}


@Article{KronbichlerKormann2012,
  author = 	 {M. Kronbichler and K. Kormann},
  title = 	 {A generic interface for parallel cell-based finite element operator application},
  journal = 	 {Comput. Fluids},
  year = 	 2012,
  volume = 	 63,
  pages = 	 {135--147}}


@techreport{DeSimoneHeltaiManigrasso2009,
	Author = {A. DeSimone and L. Heltai and C. Manigrasso},
	Institution = {SISSA},
	Number = {42/2009/M},
	Title = {Tools for the Solution of {PDEs} Defined on Curved Manifolds with deal.{II}},
	Year = {2009}}

@article{trilinos64,
  author    = {C. Jhurani and
               T. M. Austin and
               M. A. Heroux and
               J. M. Willenbring},
  title     = {Supporting 64-bit global indices in {E}petra and other {T}rilinos
               packages -- {T}echniques used and lessons learned},
  journal   = {arXiv},
  volume    = {1307.6638},
  year      = {2013},
  ee        = {http://arxiv.org/abs/1307.6638},
  bibsource = {DBLP, http://dblp.uni-trier.de}
}


@Article{BH13,
  author = 	 {Wolfgang Bangerth and Timo Heister},
  title = 	 {What makes computational open source software libraries successful?},
  journal = 	 {Computational Science \& Discovery},
  year = 	 2013,
  volume = 	 6,
  pages = 	 {015010/1--18}}


@Article{FHB13,
  author = 	 {J. Frohne and T. Heister and W. Bangerth},
  title = 	 {Efficient numerical methods for the large-scale, parallel 
                  solution of elastoplastic contact problems},
  journal = 	 {submitted},
  year = 	 2013}

@Article{TKB13,
  author = 	 {B. Turcksin and M. Kronbichler and W. Bangerth},
  title = 	 {\textit{WorkStream} -- a design pattern for multicore-enabled finite element computations},
  journal = 	 {submitted},
  year = 	 2013}

