%% do not edit this file, edit in the deal.II main repository, copy here, but
%% keep this note in here for the next one.

%% The deal.II paper

@Article{BangerthHartmannKanschat2007,
  title = {deal.{II} --- a General Purpose Object Oriented Finite Element Library},
  author = {Bangerth, W. and Hartmann, R. and Kanschat, G.},
  journal = {{ACM} Trans. Math. Softw.},
  volume = {33},
  number = {4},
  year = {2007},
  doi = {10.1145/1268776.1268779}
}

@article{dealII80,
  title = {The \texttt{deal.II} Library, Version 8.0},
  author = {W. Bangerth and T. Heister and L. Heltai and G. Kanschat
   and M. Kronbichler and M. Maier and B. Turcksin and T. D. Young},
  journal = {arXiv preprint \url{http://arxiv.org/abs/1312.2266v3}},
  year = {2013},
}

@article{dealII81,
  title = {The \texttt{deal.II} Library, Version 8.1},
  author = {W. Bangerth and T. Heister and L. Heltai and G. Kanschat
   and M. Kronbichler and M. Maier and B. Turcksin and T. D. Young},
  journal = {arXiv preprint \url{http://arxiv.org/abs/1312.2266v4}},
  year = {2013},
}

@article{dealII82,
  title = {The \texttt{deal.II} Library, Version 8.2},
  author = {W. Bangerth and T. Heister and L. Heltai
            and G. Kanschat and M. Kronbichler
            and M. Maier and B. Turcksin
            and T. D. Young},
  journal = {Archive of Numerical Software},
  volume = 3,
  year = {2015},
}


%% The deal.II web page and online reference.
%% Please cite specific versions only if you really need to

@Manual{DealIIReference,
  title = 	 {{\tt deal.{I}{I}} Differential Equations Analysis Library,
                  Technical Reference},
  author = 	 {W. Bangerth and T. Heister and G. Kanschat},
  note =         {\texttt{http://www.dealii.org}},
  url =          {http://www.dealii.org}
}

@Manual{DealIIReference600,
  title = 	 {{\tt deal.{I}{I}} Differential Equations Analysis Library,
                  Technical Reference},
  author = 	 {W. Bangerth and G. Kanschat},
  note =         {\texttt{http://www.dealii.org}},
  url =          {http://www.dealii.org/6.0.0},
  year = 2007
}

@Manual{DealIIReference610,
  title = 	 {{\tt deal.{I}{I}} Differential Equations Analysis Library,
                  Technical Reference},
  author = 	 {W. Bangerth and G. Kanschat},
  note =         {\texttt{http://www.dealii.org}},
  url =          {http://www.dealii.org/6.1.0},
  year = 2008
}

@Manual{DealIIReference621,
  title = 	 {{\tt deal.{I}{I}} Differential Equations Analysis Library,
                  Technical Reference},
  author = 	 {W. Bangerth and G. Kanschat},
  note =         {\texttt{http://www.dealii.org}},
  url =          {http://www.dealii.org/6.2.1},
  year = 2009
}

@Manual{DealIIReference631,
  title = 	 {{\tt deal.{I}{I}} Differential Equations Analysis Library,
                  Technical Reference},
  author = 	 {W. Bangerth and G. Kanschat},
  note =         {\texttt{http://www.dealii.org}},
  url =          {http://www.dealii.org/6.3.1},
  year = 2010
}

@Manual{DealIIReference700,
  title = 	 {{\tt deal.{I}{I}} Differential Equations Analysis Library,
                  Technical Reference},
  author = 	 {W. Bangerth and G. Kanschat},
  note =         {\texttt{http://www.dealii.org}},
  url =          {http://www.dealii.org/7.0.0},
  year = 2011
}

@Manual{DealIIReference710,
  title = 	 {{\tt deal.{I}{I}} Differential Equations Analysis Library,
                  Technical Reference},
  author = 	 {W. Bangerth and G. Kanschat},
  note =         {\texttt{http://www.dealii.org}},
  url =          {http://www.dealii.org/7.1.0},
  year = 2011
}

%% Additional papers on deal.II and special aspects

@TechReport{BangerthKanschat1999,
  title = {Concepts for Object-Oriented Finite Element Software -- the \texttt{deal.II} library},
  address = {Heidelberg},
  author = {Bangerth, W. and Kanschat, G.},
  institution = {SFB~359},
  number = {1999-43},
  type = {Preprint},
  year = {1999},
  url = {http://www.dealii.org/developer/reports/deal-paper.pdf}
}

@Article{BangerthKayserHerold2007,
  author = 	 {W. Bangerth and O. Kayser-Herold},
  title = 	 {Data Structures and Requirements for $hp$ Finite Element
                  Software},
  journal = 	 {ACM Trans. Math. Softw.},
  year = 	 2009,
  volume = 	 36,
  number = 	 1,
  pages = 	 {4/1--4/31}
}

@Article{JanssenKanschat2011,
  author = 	 {Janssen, B. and Kanschat, G.},
  title = 	 {Adaptive multilevel methods with local smoothing for
                  {${H}^1$}- and {$H^{\text{curl}}$}-conforming high order
                  finite element methods},
  journal = 	 {SIAM J. Sci. Comput.},
  year = 	 2011,
  volume =	 33,
  number =	 4,
  pages =	 {2095--2114},
  doi = {10.1137/090778523}
}

@Article{Kanschat2004,
  title = {Multi-level methods for discontinuous {G}alerkin {FEM} on locally refined meshes},
  author = {Kanschat, G.},
  journal = {Comput. \& Struct.},
  number = {28},
  pages = {2437--2445},
  volume = {82},
  year = {2004},
  doi = {10.1016/j.compstruc.2004.04.015}
}

@Article{BangerthBursteddeHeisterKronbichler11,
  author = 	 {W. Bangerth and C. Burstedde and T. Heister
                  and M. Kronbichler},
  title = 	 {Algorithms and data structures for massively parallel generic
  adaptive finite element codes},
  journal = 	 {ACM Trans. Math. Softw.},
  year = 	 2011,
  volume = 	 38,
  pages = 	 {14/1--28}}


@Article{KronbichlerKormann2012,
  author = 	 {M. Kronbichler and K. Kormann},
  title = 	 {A generic interface for parallel cell-based finite element operator application},
  journal = 	 {Comput. Fluids},
  year = 	 2012,
  volume = 	 63,
  pages = 	 {135--147}}


@techreport{DeSimoneHeltaiManigrasso2009,
	Author = {A. DeSimone and L. Heltai and C. Manigrasso},
	Institution = {SISSA},
	Number = {42/2009/M},
	Title = {Tools for the Solution of {PDEs} Defined on Curved Manifolds with deal.{II}},
	Year = {2009}}

@techreport{HeltaiMola2015, 
	Author = {L. Heltai and A. Mola}, 
	Institution = {SISSA},
	Title = {{Towards the Integration of CAD and FEM using open source libraries: a
Collection of deal.II Manifold Wrappers for the OpenCASCADE Library}}, 
	Year = 2015, 
	Note = {Submitted}}

@article{trilinos64,
  author    = {C. Jhurani and
               T. M. Austin and
               M. A. Heroux and
               J. M. Willenbring},
  title     = {Supporting 64-bit global indices in {E}petra and other {T}rilinos
               packages -- {T}echniques used and lessons learned},
  journal   = {arXiv},
  volume    = {1307.6638},
  year      = {2013},
  ee        = {http://arxiv.org/abs/1307.6638},
  bibsource = {DBLP, http://dblp.uni-trier.de}
}


@Article{BH13,
  author = 	 {Wolfgang Bangerth and Timo Heister},
  title = 	 {What makes computational open source software libraries successful?},
  journal = 	 {Computational Science \& Discovery},
  year = 	 2013,
  volume = 	 6,
  pages = 	 {015010/1--18}}


@Article{FHB13,
  author = 	 {J. Frohne and T. Heister and W. Bangerth},
  title = 	 {Efficient numerical methods for the large-scale, parallel 
                  solution of elastoplastic contact problems},
  journal = 	 {submitted},
  year = 	 2013}

@Article{TKB13,
  author = 	 {B. Turcksin and M. Kronbichler and W. Bangerth},
  title = 	 {\textit{WorkStream} -- a design pattern for multicore-enabled finite element computations},
  journal = 	 {submitted},
  year = 	 2013}

@Misc{cpp11,
  key = 	 {C++11},
  author = 	 {International Standards Organization},
  title = 	 {{ISO/IEC} 14882:2011: The {C}++11 Programming Language Standard},
  howpublished = {\url{http://www.iso.org/iso/iso_catalogue/catalogue_tc/catalogue_detail.htm?csnumber=50372}},
  year = 	 2011}

@Article{trilinos,
  author = 	 {M. A. Heroux and R. A. Bartlett and V. E. Howle and R. J. Hoekstra and J. J. Hu
                  and T. G. Kolda and R. B. Lehoucq and K. R. Long and R. P. Pawlowski and
                  E. T. Phipps and A. G. Salinger and H. K. Thornquist and R. S. Tuminaro and
                  J. M. Willenbring and A. Williams and K. S. Stanley},
  title = 	 {An overview of the {T}rilinos project},
  journal = 	 {ACM Trans. Math. Softw.},
  year = 	 2005,
  volume = 	 31,
  pages = 	 {397--423}}

@Misc{trilinos-web-page,
     Author      = "M. A. Heroux and others",
    Title      = "{Trilinos} web page",
    Note     = "http://trilinos.sandia.gov",
    Year     = "2014"}

# From http://www.mcs.anl.gov/petsc/documentation/referencing.html
@Misc{petsc-web-page,
            author = {S. Balay and S. Abhyankar and M.~F. Adams and J. Brown and P. Brune
                      and K. Buschelman and V. Eijkhout and W.~D. Gropp
                      and D. Kaushik and M.~G. Knepley
                      and L. Curfman McInnes and K. Rupp and B.~F. Smith
                      and H. Zhang},
            title =  {{PETS}c {W}eb page},
            url =    {http://www.mcs.anl.gov/petsc},
            howpublished = {\url{http://www.mcs.anl.gov/petsc}},
            year = {2014}
          }

@TechReport{petsc-user-ref,
            author = {S. Balay and S. Abhyankar and M.~F. Adams and J. Brown and P. Brune
                      and K. Buschelman and V. Eijkhout and W.~D. Gropp
                      and D. Kaushik and M.~G. Knepley
                      and L. Curfman McInnes and K. Rupp and B.~F. Smith
                      and H. Zhang},
            title  = {{PETS}c Users Manual},
            institution = {Argonne National Laboratory},
            year   = 2014,
            number = {ANL-95/11 - Revision 3.5},
            url    = {http://www.mcs.anl.gov/petsc}
          }


@Article{umfpack,
  author = 	 {T. A. Davis},
  title = 	 {Algorithm 832: {UMFPACK V4.3}---an unsymmetric-pattern multifrontal method},
  journal = 	 {ACM Trans. Math. Softw.},
  year = 	 2004,
  volume = 	 30,
  pages = 	 {196--199}}

@Book{Rei07,
  author = 	 {J. Reinders},
  title = 	 {Intel Threading Building Blocks},
  publisher = 	 {O'Reilly},
  year = 	 2007}

@Article{p4est,
  author = 	 {C. Burstedde and L. C. Wilcox and O. Ghattas},
  title = 	 {\texttt{p4est}: {S}calable algorithms for parallel
                  adaptive mesh refinement on forests of octrees},
  journal = 	 {SIAM J. Sci. Comput.},
  volume =       33,
  number =       3,
  pages =        {1103-1133},
  year = 	 2011}

@Book{arpack,
  author = 	 {R. B. Lehoucq and D. C. Sorensen and C. Yang},
  title = 	 {{ARPACK} users' guide: solution of large-scale eigenvalue problems with implicitly restarted Arnoldi methods},
  publisher = 	 {SIAM, Philadelphia},
  year = 	 1998}

@Misc{mumps-web-page,
  key =          {MUMPS},
  title =        {{MUMPS: a MUltifrontal Massively Parallel sparse direct Solver}},
  note =         {\url{http://graal.ens-lyon.fr/MUMPS/}}}


@Article{ADE00,
  author =       {P.R. Amestoy and I.S. Duff and J.-Y. L'Excellent},
  title =        {Multifrontal parallel distributed symmetric and unsymmetric solvers},
  journal =      {Comput. Methods in Appl. Mech. Eng.},
  year =         2000,
  volume =       184,
  pages =        {501--520}}


@article{MUMPS:1,
   author  = {P. R. Amestoy and I. S. Duff and J. Koster and J.-Y. L'Excellent},
   title   = {A Fully Asynchronous Multifrontal Solver Using Distributed Dynamic Scheduling},
   journal = {SIAM Journal on Matrix Analysis and Applications},
   volume  = {23},
   number  = {1},
   year    = {2001},
   pages   = {15-41}
 }


@article{MUMPS:2,
   author  = {P. R. Amestoy and A. Guermouche and J.-Y. L'Excellent and S. Pralet},
   title   = {Hybrid scheduling for the parallel solution of linear systems},
   journal = {Parallel Computing},
   volume  = {32},
   number  = {2},
   year    = {2006},
   pages   = {136-156}
}


@Misc{opencascade-web-page,
  key =          {OpenCASCADE},
  title =        {{OpenCASCADE: Open CASCADE Technology, 3D modeling \& numerical simulation}},
  note =         {\url{http://www.opencascade.org/}}}


@Misc{muparser-web-page,
  key =          {muparse},
  title =        {{muparser: Fast Math Parser Library}},
  note =         {\url{http://muparser.beltoforion.de/}}}

@ONLINE{hdf5,
    author = {{The HDF Group}},
    title = "{Hierarchical Data Format, version 5}",
    year = {1997-NNNN},
    note = {http://www.hdfgroup.org/HDF5/}
}

@article{karypis1998fast,
  title={A fast and high quality multilevel scheme for partitioning irregular graphs},
  author={Karypis, G. and Kumar, V.},
  journal={SIAM J. Sci. Comput.},
  volume={20},
  number={1},
  pages={359--392},
  year={1998},
  publisher={SIAM}
}
@article{rew1990netcdf,
  title={{NetCDF}: an interface for scientific data access},
  author={Rew, R. and Davis, G.},
  journal={Computer Graphics and Applications, IEEE},
  volume={10},
  number={4},
  pages={76--82},
  year={1990},
  publisher={IEEE}
}
@Article{Hernandez:2005:SSF,
   author  = "V. Hernandez and J. E. Roman and V. Vidal",
   title   = "{SLEPc}: A Scalable and Flexible Toolkit for the Solution of Eigenvalue
              Problems",
   journal = "{ACM} Trans. Math. Software",
   volume  = "31",
   number  = "3",
   pages   = "351--362",
   year    = "2005"
}
